<record><leader>00000cas a22000007a 4500</leader><controlfield tag="001">10255086</controlfield><controlfield tag="008">831229c19569999mdudr ne      0   a0eng d</controlfield><datafield ind1=" " ind2=" " tag="010"><subfield code="a">sn 83005986 </subfield></datafield><datafield ind1=" " ind2=" " tag="040"><subfield code="a">NSD</subfield><subfield code="b">eng</subfield><subfield code="c">NSD</subfield><subfield code="d">MFN</subfield><subfield code="d">OCL</subfield><subfield code="d">MFN</subfield><subfield code="d">OCLCQ</subfield><subfield code="d">DLC</subfield></datafield><datafield ind1=" " ind2=" " tag="012"><subfield code="b">3</subfield><subfield code="m">1</subfield></datafield><datafield ind1=" " ind2=" " tag="019"><subfield code="a">18823592</subfield><subfield code="a">18823598</subfield></datafield><datafield ind1="1" ind2=" " tag="022"><subfield code="a">0746-7494</subfield><subfield code="l">0746-7494</subfield><subfield code="2">1</subfield></datafield><datafield ind1=" " ind2=" " tag="032"><subfield code="a">091640</subfield><subfield code="b">USPS</subfield></datafield><datafield ind1=" " ind2=" " tag="042"><subfield code="a">nsdp</subfield></datafield><datafield ind1="0" ind2=" " tag="130"><subfield code="a">Carroll County times (Westminster, Md.)</subfield></datafield><datafield ind1=" " ind2="0" tag="222"><subfield code="a">Carroll County times</subfield></datafield><datafield ind1="1" ind2="0" tag="245"><subfield code="a">Carroll County times.</subfield></datafield><datafield ind1="3" ind2="0" tag="246"><subfield code="a">Neighborhoods of Carroll</subfield></datafield><datafield ind1=" " ind2=" " tag="260"><subfield code="a">Westminster, Md. :</subfield><subfield code="b">Carroll Times, Inc.</subfield></datafield><datafield ind1=" " ind2=" " tag="300"><subfield code="a">v.</subfield></datafield><datafield ind1=" " ind2=" " tag="310"><subfield code="a">Daily,</subfield><subfield code="b">1980-</subfield></datafield><datafield ind1=" " ind2=" " tag="321"><subfield code="a">Weekly,</subfield><subfield code="b">1956-1968</subfield></datafield><datafield ind1=" " ind2=" " tag="321"><subfield code="a">Semiweekly,</subfield><subfield code="b">1968-1977</subfield></datafield><datafield ind1=" " ind2=" " tag="321"><subfield code="a">Triweekly,</subfield><subfield code="b">1977-1980</subfield></datafield><datafield ind1="0" ind2=" " tag="362"><subfield code="a">Vol. 45, no. 27 (July 5, 1956)-</subfield></datafield><datafield ind1=" " ind2=" " tag="500"><subfield code="a">Published as: Carroll County times and Union Bridge pilot, Apr. 30, 1974-Apr. 9, 1975.</subfield></datafield><datafield ind1=" " ind2=" " tag="500"><subfield code="a">Has separately numbered supplement entitled: Neighborhoods of Carroll, Mar. 28, 1990-</subfield></datafield><datafield ind1=" " ind2=" " tag="752"><subfield code="a">United States</subfield><subfield code="b">Maryland</subfield><subfield code="c">Carroll</subfield><subfield code="d">Westminster.</subfield></datafield><datafield ind1=" " ind2=" " tag="752"><subfield code="a">United States</subfield><subfield code="b">Maryland</subfield><subfield code="c">Carroll</subfield><subfield code="d">Union Bridge.</subfield></datafield><datafield ind1="0" ind2="0" tag="780"><subfield code="t">Times (Westminster, Md.)</subfield><subfield code="w">(DLC)sn 83016374</subfield></datafield><datafield ind1="0" ind2="5" tag="780"><subfield code="t">Pilot (Union Bridge, Md.)</subfield><subfield code="w">(DLC)sn 89060178</subfield></datafield><datafield ind1="0" ind2="5" tag="780"><subfield code="t">Democratic advocate (Westminster, Md.)</subfield><subfield code="x">2474-3291</subfield><subfield code="w">(DLC)sn 85038292</subfield><subfield code="w">(OCoLC)12126077</subfield></datafield><datafield ind1=" " ind2=" " tag="936"><subfield code="a">Dec. 8, 1983</subfield></datafield><datafield ind1="1" ind2=" " tag="029"><subfield code="a">AU@</subfield><subfield code="b">000040686995</subfield></datafield><datafield ind1="1" ind2=" " tag="029"><subfield code="a">NZ1</subfield><subfield code="b">16074444</subfield></datafield></record>